<record><leader>00000cas a2200000 a 4500</leader><controlfield tag="001">14546615</controlfield><controlfield tag="008">861028d19021906orudn n       0   a0eng c</controlfield><datafield ind1=" " ind2=" " tag="010"><subfield code="a">sn 96088441 </subfield></datafield><datafield ind1=" " ind2=" " tag="040"><subfield code="a">ORU</subfield><subfield code="b">eng</subfield><subfield code="c">ORU</subfield><subfield code="d">OCN</subfield><subfield code="d">OCL</subfield><subfield code="d">OCLCQ</subfield><subfield code="d">ORU</subfield><subfield code="d">OCLCQ</subfield><subfield code="d">ORU</subfield><subfield code="d">OCLCF</subfield><subfield code="d">OCLCO</subfield></datafield><datafield ind1="1" ind2=" " tag="029"><subfield code="a">AU@</subfield><subfield code="b">000013408264</subfield></datafield><datafield ind1=" " ind2=" " tag="042"><subfield code="a">pcc</subfield></datafield><datafield ind1=" " ind2=" " tag="043"><subfield code="a">n-us-or</subfield></datafield><datafield ind1=" " ind2=" " tag="090"><subfield code="a">F882.C7</subfield><subfield code="b">C58</subfield></datafield><datafield ind1="0" ind2="0" tag="245"><subfield code="a">Daily coast mail.</subfield></datafield><datafield ind1=" " ind2=" " tag="260"><subfield code="a">Marshfield, Or. :</subfield><subfield code="b">Mail Pub. Co.</subfield></datafield><datafield ind1=" " ind2=" " tag="300"><subfield code="a">v. :</subfield><subfield code="b">ill. ;</subfield><subfield code="c">40 cm.</subfield></datafield><datafield ind1=" " ind2=" " tag="310"><subfield code="a">Daily (except Sun.),</subfield><subfield code="b">&lt;Oct. 27, 1904-Dec. 21, 1904&gt;</subfield></datafield><datafield ind1=" " ind2=" " tag="321"><subfield code="a">Daily (except Mon.),</subfield><subfield code="b">&lt;May 16, 1902-Sept. 24, 1904&gt;</subfield></datafield><datafield ind1="1" ind2=" " tag="362"><subfield code="a">Began in 1902? Ceased in 1906.</subfield></datafield><datafield ind1=" " ind2=" " tag="515"><subfield code="a">Vol. 2, no. 9 called also: Holiday number 1902-3.</subfield></datafield><datafield ind1=" " ind2=" " tag="530"><subfield code="a">Also available on microfilm from University of Oregon.</subfield></datafield><datafield ind1=" " ind2=" " tag="530"><subfield code="a">Archived issues are available in digital format as part of the Historic Oregon Newspaper online collection.</subfield></datafield><datafield ind1=" " ind2=" " tag="580"><subfield code="a">Weekly eds.: Coast mail, 1902, and: Weekly coast mail, 1902-1906.</subfield></datafield><datafield ind1=" " ind2=" " tag="580"><subfield code="a">Merged with: Weekly coast mail, and: Advertiser, to form: Coos Bay times.</subfield></datafield><datafield ind1=" " ind2=" " tag="588"><subfield code="a">Description based on: Vol. 1, no. 116 (May 16, 1902).</subfield></datafield><datafield ind1=" " ind2="0" tag="651"><subfield code="a">Coos Bay (Or.)</subfield><subfield code="v">Newspapers.</subfield></datafield><datafield ind1=" " ind2="0" tag="651"><subfield code="a">Coos County (Or.)</subfield><subfield code="v">Newspapers.</subfield></datafield><datafield ind1=" " ind2="7" tag="655"><subfield code="a">Newspapers.</subfield><subfield code="2">fast</subfield><subfield code="0">(OCoLC)fst01423814</subfield></datafield><datafield ind1=" " ind2="7" tag="651"><subfield code="a">Oregon</subfield><subfield code="z">Coos Bay.</subfield><subfield code="2">fast</subfield><subfield code="0">(OCoLC)fst01226324</subfield></datafield><datafield ind1=" " ind2="7" tag="651"><subfield code="a">Oregon</subfield><subfield code="z">Coos County.</subfield><subfield code="2">fast</subfield><subfield code="0">(OCoLC)fst01213855</subfield></datafield><datafield ind1=" " ind2=" " tag="752"><subfield code="a">United States</subfield><subfield code="b">Oregon</subfield><subfield code="c">Coos</subfield><subfield code="d">Coos Bay.</subfield></datafield><datafield ind1="1" ind2=" " tag="775"><subfield code="t">Coast mail</subfield><subfield code="w">(DLC)sn 96088440</subfield><subfield code="w">(OCoLC)37383390</subfield></datafield><datafield ind1="1" ind2=" " tag="775"><subfield code="t">Weekly coast mail</subfield><subfield code="w">(DLC)sn 96088442</subfield><subfield code="w">(OCoLC)37383398</subfield></datafield><datafield ind1="1" ind2="7" tag="785"><subfield code="t">Weekly coast mail</subfield><subfield code="w">(DLC)sn 96088442</subfield><subfield code="w">(OCoLC)37383398</subfield></datafield><datafield ind1="1" ind2="7" tag="785"><subfield code="t">Advertiser</subfield></datafield><datafield ind1="1" ind2="7" tag="785"><subfield code="t">Coos Bay times</subfield><subfield code="w">(DLC)sn 85033159</subfield><subfield code="w">(OCoLC)11702949</subfield></datafield><datafield ind1="4" ind2="1" tag="856"><subfield code="u">http://oregonnews.uoregon.edu/lccn/sn96088441/issues</subfield></datafield></record>